<?xml version="1.0" encoding="UTF-8"?><collection xmlns="http://www.loc.gov/MARC21/slim"><record><leader>00610nam--2200217-u-4500</leader><controlfield tag="001">000052458</controlfield><controlfield tag="002">20161230</controlfield><controlfield tag="005">20161230201050</controlfield><controlfield tag="008">100715s1000------------r-----000-0-rum-d</controlfield><datafield ind1=" " ind2=" " tag="020"><subfield code="a">9789737377999</subfield></datafield><datafield ind1=" " ind2=" " tag="040"><subfield code="a">IFIN-HH</subfield></datafield><datafield ind1=" " ind2=" " tag="041"><subfield code="a">rum</subfield></datafield><datafield ind1=" " ind2=" " tag="080"><subfield code="a">539</subfield></datafield><datafield ind1="1" ind2=" " tag="100"><subfield code="a">Raduta, Apolodor Aristotel</subfield></datafield><datafield ind1="1" ind2="0" tag="245"><subfield code="a">Fundamente de teoria nucleului</subfield><subfield code="c">Apolodor Aristotel Raduta, Cristian Mircea Raduta</subfield></datafield><datafield ind1=" " ind2=" " tag="250"><subfield code="a">Editia a doua</subfield></datafield><datafield ind1=" " ind2=" " tag="260"><subfield code="a">Bucuresti</subfield><subfield code="b">Editura Universitatii din Bucuresti</subfield><subfield code="c">2010</subfield></datafield><datafield ind1=" " ind2=" " tag="300"><subfield code="a">624 p</subfield></datafield><datafield ind1="1" ind2=" " tag="700"><subfield code="a">Raduta, Cristian Mircea</subfield></datafield><datafield ind1=" " ind2=" " tag="852"><subfield code="a">82284</subfield><subfield code="c">539</subfield></datafield><datafield ind1=" " ind2=" " tag="CAT"><subfield code="a">Sys</subfield><subfield code="c">20110118</subfield><subfield code="h">114504</subfield></datafield></record></collection>